<?xml version="1.0" encoding="UTF-8"?><record xmlns="http://www.loc.gov/MARC21/slim" xmlns:cinclude="http://apache.org/cocoon/include/1.0" xmlns:zs="http://www.loc.gov/zing/srw/">
  <leader>00610cz  a2200193n  4500</leader>
  <controlfield tag="001">no2012058898</controlfield>
  <controlfield tag="003">DLC</controlfield>
  <controlfield tag="005">20130328081944.0</controlfield>
  <controlfield tag="008">120426n| azannaabn          |a aac     c</controlfield>
  <datafield tag="010" ind1=" " ind2=" ">
    <subfield code="a">no2012058898</subfield>
  </datafield>
  <datafield tag="035" ind1=" " ind2=" ">
    <subfield code="a">(OCoLC)oca09182747</subfield>
  </datafield>
  <datafield tag="040" ind1=" " ind2=" ">
    <subfield code="a">NjP</subfield>
    <subfield code="b">eng</subfield>
    <subfield code="e">rda</subfield>
    <subfield code="c">NjP</subfield>
    <subfield code="d">DLC</subfield>
  </datafield>
  <datafield tag="046" ind1=" " ind2=" ">
    <subfield code="g">1535</subfield>
  </datafield>
  <datafield tag="100" ind1="0" ind2=" ">
    <subfield code="a">Noktacı Kasım Efendi,</subfield>
    <subfield code="d">-1535</subfield>
  </datafield>
  <datafield tag="400" ind1="0" ind2=" ">
    <subfield code="a">Kasım,</subfield>
    <subfield code="c">Noktacı,</subfield>
    <subfield code="d">-1535</subfield>
  </datafield>
  <datafield tag="400" ind1="1" ind2=" ">
    <subfield code="a">Noktacı, Kasım,</subfield>
    <subfield code="d">-1535</subfield>
  </datafield>
  <datafield tag="400" ind1="0" ind2=" ">
    <subfield code="w">nnea</subfield>
    <subfield code="a">Noktacı Kasım Efendi,</subfield>
    <subfield code="d">d. 1535</subfield>
  </datafield>
  <datafield tag="670" ind1=" " ind2=" ">
    <subfield code="a">Tarihsel kimliği açısından İnegöl ve Noktacı Kasım Efendi, 2011:</subfield>
    <subfield code="b">t.p. (d. 1535)</subfield>
  </datafield>
  <datafield tag="675" ind1=" " ind2=" ">
    <subfield code="a">Büyük lugat ve ansik.</subfield>
  </datafield>
</record>